<!DOCTYPE html>
<meta charset="utf-8" />
<!-- version 1 -->
<title>[Gen 9] VGC 2025 Reg I replay: Tg511 vs. Zlayermc</title>
<style>
html,body {font-family:Verdana, sans-serif;font-size:10pt;margin:0;padding:0;}body{padding:12px 0;} .battle-log {font-family:Verdana, sans-serif;font-size:10pt;} .battle-log-inline {border:1px solid #AAAAAA;background:#EEF2F5;color:black;max-width:640px;margin:0 auto 80px;padding-bottom:5px;} .battle-log .inner {padding:4px 8px 0px 8px;} .battle-log .inner-preempt {padding:0 8px 4px 8px;} .battle-log .inner-after {margin-top:0.5em;} .battle-log h2 {margin:0.5em -8px;padding:4px 8px;border:1px solid #AAAAAA;background:#E0E7EA;border-left:0;border-right:0;font-family:Verdana, sans-serif;font-size:13pt;} .battle-log .chat {vertical-align:middle;padding:3px 0 3px 0;font-size:8pt;} .battle-log .chat strong {color:#40576A;} .battle-log .chat em {padding:1px 4px 1px 3px;color:#000000;font-style:normal;} .chat.mine {background:rgba(0,0,0,0.05);margin-left:-8px;margin-right:-8px;padding-left:8px;padding-right:8px;} .spoiler {color:#BBBBBB;background:#BBBBBB;padding:0px 3px;} .spoiler:hover, .spoiler:active, .spoiler-shown {color:#000000;background:#E2E2E2;padding:0px 3px;} .spoiler a {color:#BBBBBB;} .spoiler:hover a, .spoiler:active a, .spoiler-shown a {color:#2288CC;} .chat code, .chat .spoiler:hover code, .chat .spoiler:active code, .chat .spoiler-shown code {border:1px solid #C0C0C0;background:#EEEEEE;color:black;padding:0 2px;} .chat .spoiler code {border:1px solid #CCCCCC;background:#CCCCCC;color:#CCCCCC;} .battle-log .rated {padding:3px 4px;} .battle-log .rated strong {color:white;background:#89A;padding:1px 4px;border-radius:4px;} .spacer {margin-top:0.5em;} .message-announce {background:#6688AA;color:white;padding:1px 4px 2px;} .message-announce a, .broadcast-green a, .broadcast-blue a, .broadcast-red a {color:#DDEEFF;} .broadcast-green {background-color:#559955;color:white;padding:2px 4px;} .broadcast-blue {background-color:#6688AA;color:white;padding:2px 4px;} .infobox {border:1px solid #6688AA;padding:2px 4px;} .infobox-limited {max-height:200px;overflow:auto;overflow-x:hidden;} .broadcast-red {background-color:#AA5544;color:white;padding:2px 4px;} .message-learn-canlearn {font-weight:bold;color:#228822;text-decoration:underline;} .message-learn-cannotlearn {font-weight:bold;color:#CC2222;text-decoration:underline;} .message-effect-weak {font-weight:bold;color:#CC2222;} .message-effect-resist {font-weight:bold;color:#6688AA;} .message-effect-immune {font-weight:bold;color:#666666;} .message-learn-list {margin-top:0;margin-bottom:0;} .message-throttle-notice, .message-error {color:#992222;} .message-overflow, .chat small.message-overflow {font-size:0pt;} .message-overflow::before {font-size:9pt;content:'...';} .subtle {color:#3A4A66;}
</style>
<div class="wrapper replay-wrapper" style="max-width:1180px;margin:0 auto">
<input type="hidden" name="replayid" value="gen9vgc2025regi-2376070250" />
<div class="battle"></div><div class="battle-log"></div><div class="replay-controls"></div><div class="replay-controls-2"></div>
<h1 style="font-weight:normal;text-align:center"><strong>[Gen 9] VGC 2025 Reg I</strong><br /><a href="http://pokemonshowdown.com/users/tg511" class="subtle" target="_blank">Tg511</a> vs. <a href="http://pokemonshowdown.com/users/zlayermc" class="subtle" target="_blank">Zlayermc</a></h1>
<script type="text/plain" class="battle-log-data">|j|☆Tg511
|j|☆Zlayermc

|html|<table width="100%"><tr><td align="left">Tg511<\/td><td align="right">Zlayermc<\/tr><tr><td align="left"><i class="fa fa-circle"><\/i> <i class="fa fa-circle-o"><\/i> <\/td><td align="right"><i class="fa fa-circle-o"><\/i> <i class="fa fa-circle"><\/i> <\/tr><\/table>
|uhtml|bestof|<h2><strong>Game 3<\/strong> of <a href="\/game-bestof3-gen9vgc2025regi-2376066305">a best-of-3<\/a><\/h2>
|t:|1748740047
|gametype|doubles
|player|p1|Tg511|volkner|
|player|p2|Zlayermc|interviewers|
|teamsize|p1|6
|teamsize|p2|6
|gen|9
|tier|[Gen 9] VGC 2025 Reg I
|rated|Tournament battle
|rule|Species Clause: Limit one of each Pokémon
|rule|Item Clause: Limit 1 of each item
|raw|<div class="infobox"><details class="readmore" open><summary><strong>3 custom rules:<\/strong><\/summary> Force Open Team Sheets, !Open Team Sheets, Best of = 3<\/details><\/div>
|clearpoke
|poke|p1|Calyrex-Ice, L50|
|poke|p1|Urshifu-*, L50, M|
|poke|p1|Landorus, L50, M|
|poke|p1|Miraidon, L50|
|poke|p1|Tornadus, L50, M|
|poke|p1|Farigiraf, L50, F|
|poke|p2|Calyrex-Ice, L50|
|poke|p2|Miraidon, L50|
|poke|p2|Incineroar, L50, F|
|poke|p2|Grimmsnarl, L50, M|
|poke|p2|Landorus, L50, M|
|poke|p2|Porygon2, L50|
|teampreview|4
|showteam|p1|Calyrex-Ice||ClearAmulet|AsOneGlastrier|GlacialLance,HighHorsepower,TrickRoom,Imprison||||||50|,,,,,Water]Urshifu-Rapid-Strike||ChoiceBand|UnseenFist|AquaJet,CloseCombat,SurgingStrikes,Uturn|||M|||50|,,,,,Water]Landorus||LifeOrb|SheerForce|SandsearStorm,EarthPower,SludgeBomb,Protect|||M|||50|,,,,,Water]Miraidon||ChoiceSpecs|HadronEngine|ElectroDrift,DracoMeteor,DazzlingGleam,VoltSwitch||||||50|,,,,,Fairy]Tornadus||CovertCloak|Prankster|BleakwindStorm,Taunt,RainDance,Tailwind|||M|||50|,,,,,Dark]Farigiraf||ElectricSeed|ArmorTail|ShadowBall,Psychic,TrickRoom,HelpingHand|||F|||50|,,,,,Steel
|showteam|p2|Calyrex-Ice||Leftovers|AsOneGlastrier|GlacialLance,LeechSeed,Substitute,Protect||||||50|,,,,,Water]Miraidon||ChoiceSpecs|HadronEngine|DazzlingGleam,ElectroDrift,VoltSwitch,DracoMeteor||||||50|,,,,,Fairy]Incineroar||AssaultVest|Intimidate|FakeOut,Uturn,FlareBlitz,KnockOff|||F|||50|,,,,,Grass]Grimmsnarl||LightClay|Prankster|ThunderWave,SpiritBreak,Reflect,LightScreen|||M|||50|,,,,,Ghost]Landorus||LifeOrb|SheerForce|SludgeBomb,EarthPower,Taunt,Protect|||M|||50|,,,,,Poison]Porygon2||Eviolite|Download|TrickRoom,Recover,TeraBlast,IceBeam||||||50|,,,,,Fighting
|j| Clodsireenjoyer999
|j| Xmann0025
|j| idontknow25
|j| Perhaps Perish?
|j| Rainpelt103
|j| Pokemons246
|c| Pokemons246|Zlays my goat!!!
|j| yoiexist
|l| Rainpelt103
|j| Iamsliverfish
|j| Rainpelt103
|c| Rainpelt103|every match ending in 4 turns or less, can we keep the streak
|inactive|Battle timer is ON: inactive players will automatically lose when time's up. (requested by Tg511)
|inactive|Time left: 90 sec this turn | 420 sec total | 90 sec grace
|c| Pokemons246|Lets end it in 2
|c| yoiexist|These teams just seems very similar in ways
|c| Rainpelt103|well
|c| Rainpelt103|yes
|inactive|Zlayermc has 60 seconds left.
|
|t:|1748740158
|start
|switch|p1a: Calyrex|Calyrex-Ice, L50|100\/100
|switch|p1b: Miraidon|Miraidon, L50|100\/100
|switch|p2a: Miraidon|Miraidon, L50|176\/176
|switch|p2b: Incineroar|Incineroar, L50, F|202\/202
|-ability|p1a: Calyrex|As One
|-ability|p1a: Calyrex|Unnerve
|-fieldstart|move: Electric Terrain|[from] ability: Hadron Engine|[of] p1b: Miraidon
|-activate|p2a: Miraidon|ability: Hadron Engine
|-ability|p2b: Incineroar|Intimidate|boost
|-fail|p1a: Calyrex|unboost|[from] item: Clear Amulet|[of] p1a: Calyrex
|-unboost|p1b: Miraidon|atk|1
|turn|1
|inactive|Time left: 55 sec this turn | 420 sec total
|c| Rainpelt103|cir mirai core with lando, bulky TR setters, and alternate speed control
|c| yoiexist|didn't know Calyr get's leech seed ig
|inactive|Zlayermc has 30 seconds left.
|inactive|Tg511 has 30 seconds left.
|
|t:|1748740192
|-terastallize|p2a: Miraidon|Fairy
|-terastallize|p1b: Miraidon|Fairy
|move|p2b: Incineroar|Fake Out|p1a: Calyrex
|-damage|p1a: Calyrex|92\/100
|move|p2a: Miraidon|Dazzling Gleam|p1b: Miraidon|[spread] p1a,p1b
|-damage|p1a: Calyrex|46\/100
|-damage|p1b: Miraidon|46\/100
|move|p1b: Miraidon|Electro Drift|p2a: Miraidon
|-damage|p2a: Miraidon|0 fnt
|faint|p2a: Miraidon
|cant|p1a: Calyrex|flinch
|
|upkeep
|inactive|Time left: 55 sec this turn | 390 sec total
|c| Rainpelt103|yeah it's spiked in popularity recently
|c| Rainpelt103|won a couple major events
|
|t:|1748740207
|switch|p2a: Landorus|Landorus, L50, M|165\/165
|turn|2
|inactive|Time left: 55 sec this turn | 380 sec total
|c| Pokemons246|Nooo
|c| Pokemons246|🚽
|c| yoiexist|I agree.
|inactive|Zlayermc has 30 seconds left.
|
|t:|1748740233
|switch|p1b: Urshifu|Urshifu-Rapid-Strike, L50, M|100\/100
|switch|p1a: Landorus|Landorus, L50, M|100\/100
|move|p2a: Landorus|Sludge Bomb|p1a: Landorus
|-resisted|p1a: Landorus
|-damage|p1a: Landorus|72\/100
|move|p2b: Incineroar|Knock Off|p1a: Landorus
|-damage|p1a: Landorus|16\/100
|-enditem|p1a: Landorus|Life Orb|[from] move: Knock Off|[of] p2b: Incineroar
|
|upkeep
|turn|3
|inactive|Time left: 55 sec this turn | 355 sec total
|c| Pokemons246|🚡
|c| Rainpelt103|rip
|l| yoiexist
|inactive|Zlayermc has 30 seconds left.
|c| Pokemons246|🫃🏿
|j| ShirtlessRayRizzo
|inactive|Zlayermc has 20 seconds left.
|inactive|Zlayermc has 15 seconds left.
|l| ShirtlessRayRizzo
|inactive|Zlayermc has 10 seconds left.
|inactive|Zlayermc has 5 seconds left.
|
|t:|1748740284
|move|p2a: Landorus|Sludge Bomb|p1b: Urshifu
|-damage|p1b: Urshifu|33\/100
|move|p1a: Landorus|Earth Power|p2b: Incineroar
|-supereffective|p2b: Incineroar
|-damage|p2b: Incineroar|62\/202
|move|p1b: Urshifu|Surging Strikes|p2a: Landorus
|-supereffective|p2a: Landorus
|-crit|p2a: Landorus
|-damage|p2a: Landorus|43\/165
|-supereffective|p2a: Landorus
|-crit|p2a: Landorus
|-damage|p2a: Landorus|0 fnt
|faint|p2a: Landorus
|-hitcount|p2: Landorus|2
|move|p2b: Incineroar|U-turn|p1b: Urshifu
|-resisted|p1b: Urshifu
|-damage|p1b: Urshifu|22\/100
|inactive|Time left: 55 sec this turn | 305 sec total
|
|t:|1748740298
|switch|p2b: Calyrex|Calyrex-Ice, L50|207\/207|[from] U-turn
|-ability|p2b: Calyrex|As One
|-ability|p2b: Calyrex|Unnerve
|
|upkeep
|inactive|Time left: 55 sec this turn | 295 sec total
|c| Rainpelt103|why would you use sludge bomb over u-turn...
|j| yoiexist
|c| Rainpelt103|earth power mb
|
|t:|1748740308
|switch|p2a: Incineroar|Incineroar, L50, F|62\/202
|-ability|p2a: Incineroar|Intimidate|boost
|-unboost|p1a: Landorus|atk|1
|-unboost|p1b: Urshifu|atk|1
|turn|4
|inactive|Time left: 55 sec this turn | 290 sec total
|c| Rainpelt103|my monkey brain saw incin use u-turn and applied it to the message
|j| Aubr2w
|inactive|Zlayermc has 30 seconds left.
|inactive|Zlayermc has 20 seconds left.
|inactive|Zlayermc has 15 seconds left.
|j| camala64
|inactive|Zlayermc has 10 seconds left.
|
|t:|1748740355
|move|p1a: Landorus|Protect|p1a: Landorus
|-singleturn|p1a: Landorus|Protect
|move|p2a: Incineroar|Fake Out|p1b: Urshifu
|-damage|p1b: Urshifu|7\/100
|cant|p1b: Urshifu|flinch
|move|p2b: Calyrex|Glacial Lance|p1a: Landorus|[spread] p1b
|-activate|p1a: Landorus|move: Protect
|-resisted|p1b: Urshifu
|-damage|p1b: Urshifu|0 fnt
|faint|p1b: Urshifu
|-ability|p2b: Calyrex|Chilling Neigh|boost
|-boost|p2b: Calyrex|atk|1
|
|upkeep
|
|t:|1748740362
|switch|p1b: Calyrex|Calyrex-Ice, L50|46\/100
|-ability|p1b: Calyrex|As One
|-ability|p1b: Calyrex|Unnerve
|turn|5
|inactive|Time left: 55 sec this turn | 245 sec total
|c| Rainpelt103|damn it went over turn 4
|
|t:|1748740385
|move|p1a: Landorus|Earth Power|p2a: Incineroar
|-supereffective|p2a: Incineroar
|-damage|p2a: Incineroar|0 fnt
|faint|p2a: Incineroar
|move|p1b: Calyrex|Imprison|p1b: Calyrex
|-start|p1b: Calyrex|move: Imprison
|move|p2b: Calyrex|Leech Seed|p1b: Calyrex
|-start|p1b: Calyrex|move: Leech Seed
|
|-damage|p1b: Calyrex|34\/100|[from] Leech Seed|[of] p2b: Calyrex
|-fieldend|move: Electric Terrain
|upkeep
|turn|6
|inactive|Time left: 55 sec this turn | 225 sec total
|c| Iamsliverfish|yea
|c| Iamsliverfish|This horse cant attack
|c| Rainpelt103|leech seed being basically the only usable move here is kinda hilarious
|
|t:|1748740410
|switch|p1a: Miraidon|Miraidon, L50, tera:Fairy|46\/100
|-fieldstart|move: Electric Terrain|[from] ability: Hadron Engine|[of] p1a: Miraidon
|move|p1b: Calyrex|High Horsepower|p2b: Calyrex
|-damage|p2b: Calyrex|156\/207
|move|p2b: Calyrex|Substitute|p2b: Calyrex
|-start|p2b: Calyrex|Substitute
|-damage|p2b: Calyrex|105\/207
|
|-heal|p2b: Calyrex|117\/207|[from] item: Leftovers
|-damage|p1b: Calyrex|21\/100|[from] Leech Seed|[of] p2b: Calyrex
|-heal|p2b: Calyrex|142\/207|[silent]
|upkeep
|turn|7
|inactive|Time left: 55 sec this turn | 205 sec total
|j| Ghostistheman
|c| Rainpelt103|actually
|c| Rainpelt103|scratch that
|j| Sceptile1114
|c| Rainpelt103|it can use three moves
|c| Rainpelt103|but only one does damage
|inactive|Zlayermc has 30 seconds left.
|c| Iamsliverfish|welp
|c| Iamsliverfish|Sub protect spam
|
|t:|1748740442
|switch|p1a: Landorus|Landorus, L50, M|16\/100
|move|p2b: Calyrex|Protect|p2b: Calyrex
|-singleturn|p2b: Calyrex|Protect
|move|p1b: Calyrex|High Horsepower|p2b: Calyrex
|-activate|p2b: Calyrex|move: Protect
|
|-heal|p2b: Calyrex|154\/207|[from] item: Leftovers
|-damage|p1b: Calyrex|9\/100|[from] Leech Seed|[of] p2b: Calyrex
|-heal|p2b: Calyrex|179\/207|[silent]
|upkeep
|turn|8
|inactive|Time left: 55 sec this turn | 175 sec total
|c| Rainpelt103|trust
|c| Iamsliverfish|Would win this game
|c| Rainpelt103|it might actually tbh
|c| Rainpelt103|that's crazy
|c| idontknow25|shouldve volt switch
|
|t:|1748740466
|switch|p1b: Miraidon|Miraidon, L50, tera:Fairy|46\/100
|-activate|p1b: Miraidon|ability: Hadron Engine
|move|p1a: Landorus|Earth Power|p2b: Calyrex
|-end|p2b: Calyrex|Substitute
|move|p2b: Calyrex|Substitute|p2b: Calyrex
|-start|p2b: Calyrex|Substitute
|-damage|p2b: Calyrex|128\/207
|
|-heal|p2b: Calyrex|140\/207|[from] item: Leftovers
|upkeep
|turn|9
|inactive|Time left: 55 sec this turn | 155 sec total
|c| Iamsliverfish|very
|c| Rainpelt103|does imprison stop once they switch?
|c| Ghostistheman|Free Glance right there
|inactive|Zlayermc has 30 seconds left.
|l| Pokemons246
|
|t:|1748740492
|move|p1b: Miraidon|Volt Switch|p2b: Calyrex
|-end|p2b: Calyrex|Substitute
|c| Ghostistheman|you had it
|
|t:|1748740494
|switch|p1b: Calyrex|Calyrex-Ice, L50|9\/100|[from] Volt Switch
|-ability|p1b: Calyrex|As One
|-ability|p1b: Calyrex|Unnerve
|move|p1a: Landorus|Earth Power|p2b: Calyrex
|-damage|p2b: Calyrex|68\/207
|move|p2b: Calyrex|Glacial Lance|p1a: Landorus|[spread] p1a,p1b
|-supereffective|p1a: Landorus
|-resisted|p1b: Calyrex
|-damage|p1a: Landorus|0 fnt
|-damage|p1b: Calyrex|0 fnt
|faint|p1a: Landorus
|faint|p1b: Calyrex
|-ability|p2b: Calyrex|Chilling Neigh|boost
|-boost|p2b: Calyrex|atk|2
|
|-heal|p2b: Calyrex|80\/207|[from] item: Leftovers
|upkeep
|c| Rainpelt103|oh rip
|
|t:|1748740497
|switch|p1b: Miraidon|Miraidon, L50, tera:Fairy|46\/100
|-activate|p1b: Miraidon|ability: Hadron Engine
|turn|10
|inactive|Time left: 55 sec this turn | 130 sec total
|j| DOGIMANE
|c| Rainpelt103|uh maybe
|c| Iamsliverfish|its gg
|c| Rainpelt103|yeah
|c| Rainpelt103|poor calyrex
|c| Iamsliverfish|Dmeteor
|
|t:|1748740513
|move|p2b: Calyrex|Protect|p2b: Calyrex
|-singleturn|p2b: Calyrex|Protect
|move|p1b: Miraidon|Electro Drift|p2b: Calyrex
|-activate|p2b: Calyrex|move: Protect
|
|-heal|p2b: Calyrex|92\/207|[from] item: Leftovers
|-fieldend|move: Electric Terrain
|upkeep
|turn|11
|inactive|Time left: 55 sec this turn | 115 sec total
|c| Iamsliverfish|Would take 50%
|c| Rainpelt103|should've trick roomed there
|c| Iamsliverfish|Wait
|j| AttackDos
|c| Iamsliverfish|drift
|
|t:|1748740527
|move|p1b: Miraidon|Electro Drift|p2b: Calyrex
|-damage|p2b: Calyrex|1\/207
|move|p2b: Calyrex|Glacial Lance|p1b: Miraidon
|-damage|p1b: Miraidon|0 fnt
|faint|p1b: Miraidon
|
|win|Zlayermc
|tempnotifyoff|choice
|c|~|\/uhtml controls,
|c| Rainpelt103|...
|c| yoiexist|Holy peak
|c| AttackDos|damn crazy
|c| Iamsliverfish|LOLL
|c| Ghostistheman|Lmao
|l| Aubr2w
|c|☆Zlayermc|ggwp
|l| Clodsireenjoyer999
|c| Sceptile1114|no way
|c| Rainpelt103|average calyrex ice rider
|c| Sceptile1114|cinema
|c|☆Tg511|wtf
|c| Perhaps Perish?|Im sueing
|c| Ghostistheman|Calyrex is goated bro
|c|☆Tg511|gg
|c| Ghostistheman|You should know this
|l| idontknow25
|c| yoiexist|Not the leech seed sub
|l| Rainpelt103
|l| AttackDos
|l| DOGIMANE
|l| Ghostistheman
|l| Xmann0025
|l| Sceptile1114
|j| X2Muz
|l| Iamsliverfish
|l| yoiexist
|l| X2Muz
|l| camala64
|l| Perhaps Perish?</script>
</div>
<div class="battle-log battle-log-inline"><div class="inner"><div class="battle-options"><div style="padding-top: 3px; padding-right: 3px; text-align: right"><button class="icon button" name="openBattleOptions" title="Options">Battle Options</button></div></div><div class="inner message-log"><div class="chat"><small>☆Tg511 and ☆Zlayermc joined</small></div><div class="chat"><table width="100%"><tbody><tr><td align="left">Tg511</td><td align="right">Zlayermc</td></tr><tr><td align="left"><i class="fa fa-circle"></i> <i class="fa fa-circle-o"></i> </td><td align="right"><i class="fa fa-circle-o"></i> <i class="fa fa-circle"></i> </td></tr></tbody></table></div><div class="notice uhtml-bestof"><h2><strong>Game 3</strong> of <a href="/game-bestof3-gen9vgc2025regi-2376066305" target="_blank" rel="noopener">a best-of-3</a></h2></div><div class=""><small>Format:</small> <br><strong>[Gen 9] VGC 2025 Reg I</strong></div><div class="rated"><strong>Tournament battle</strong></div><div class=""><small><em>Species Clause:</em> Limit one of each Pokémon</small></div><div class=""><small><em>Item Clause:</em> Limit 1 of each item</small></div><div class="chat"><div class="infobox"><details class="readmore" open=""><summary><strong>3 custom rules:</strong></summary> Force Open Team Sheets, !Open Team Sheets, Best of = 3</details></div></div><div class="chat battle-history"><strong>Tg511's team:</strong> <em style="color:#445566;display:block;">Calyrex-Ice / Urshifu-* / Landorus / Miraidon / Tornadus / Farigiraf</em></div><div class="chat battle-history"><strong>Zlayermc's team:</strong> <em style="color:#445566;display:block;">Calyrex-Ice / Miraidon / Incineroar / Grimmsnarl / Landorus / Porygon2</em></div><div class="chat"><div class="infobox"><details class="details"><summary>Open team sheet for Tg511</summary><span class="picon" style="background:transparent url(https://play.pokemonshowdown.com/sprites/pokemonicons-sheet.png?v18) no-repeat scroll -0px -3090px"></span><br>Calyrex-Ice @ Clear Amulet <span class="itemicon" style="background:transparent url(https://play.pokemonshowdown.com/sprites/itemicons-sheet.png?v1) no-repeat scroll -264px -1104px"></span><br>Ability: As One (Glastrier)<br>Level: 50<br>Tera Type: Water<br>- Glacial Lance<br>- High Horsepower<br>- Trick Room<br>- Imprison<br><br><span class="picon" style="background:transparent url(https://play.pokemonshowdown.com/sprites/pokemonicons-sheet.png?v18) no-repeat scroll -160px -2220px"></span><br>Urshifu-Rapid-Strike (M) @ Choice Band <span class="itemicon" style="background:transparent url(https://play.pokemonshowdown.com/sprites/itemicons-sheet.png?v1) no-repeat scroll -96px -96px"></span><br>Ability: Unseen Fist<br>Level: 50<br>Tera Type: Water<br>- Aqua Jet<br>- Close Combat<br>- Surging Strikes<br>- U-turn<br><br><span class="picon" style="background:transparent url(https://play.pokemonshowdown.com/sprites/pokemonicons-sheet.png?v18) no-repeat scroll -360px -1590px"></span><br>Landorus (M) @ Life Orb <span class="itemicon" style="background:transparent url(https://play.pokemonshowdown.com/sprites/itemicons-sheet.png?v1) no-repeat scroll -216px -360px"></span><br>Ability: Sheer Force<br>Level: 50<br>Tera Type: Water<br>- Sandsear Storm<br>- Earth Power<br>- Sludge Bomb<br>- Protect<br><br><span class="picon" style="background:transparent url(https://play.pokemonshowdown.com/sprites/pokemonicons-sheet.png?v18) no-repeat scroll -0px -2520px"></span><br>Miraidon @ Choice Specs <span class="itemicon" style="background:transparent url(https://play.pokemonshowdown.com/sprites/itemicons-sheet.png?v1) no-repeat scroll -144px -96px"></span><br>Ability: Hadron Engine<br>Level: 50<br>Tera Type: Fairy<br>- Electro Drift<br>- Draco Meteor<br>- Dazzling Gleam<br>- Volt Switch<br><br><span class="picon" style="background:transparent url(https://play.pokemonshowdown.com/sprites/pokemonicons-sheet.png?v18) no-repeat scroll -200px -1590px"></span><br>Tornadus (M) @ Covert Cloak <span class="itemicon" style="background:transparent url(https://play.pokemonshowdown.com/sprites/itemicons-sheet.png?v1) no-repeat scroll -336px -1104px"></span><br>Ability: Prankster<br>Level: 50<br>Tera Type: Dark<br>- Bleakwind Storm<br>- Taunt<br>- Rain Dance<br>- Tailwind<br><br><span class="picon" style="background:transparent url(https://play.pokemonshowdown.com/sprites/pokemonicons-sheet.png?v18) no-repeat scroll -360px -2430px"></span><br>Farigiraf (F) @ Electric Seed <span class="itemicon" style="background:transparent url(https://play.pokemonshowdown.com/sprites/itemicons-sheet.png?v1) no-repeat scroll -192px -984px"></span><br>Ability: Armor Tail<br>Level: 50<br>Tera Type: Steel<br>- Shadow Ball<br>- Psychic<br>- Trick Room<br>- Helping Hand<br><br></details></div></div><div class="chat"><div class="infobox"><details class="details"><summary>Open team sheet for Zlayermc</summary><span class="picon" style="background:transparent url(https://play.pokemonshowdown.com/sprites/pokemonicons-sheet.png?v18) no-repeat scroll -0px -3090px"></span><br>Calyrex-Ice @ Leftovers <span class="itemicon" style="background:transparent url(https://play.pokemonshowdown.com/sprites/itemicons-sheet.png?v1) no-repeat scroll -48px -360px"></span><br>Ability: As One (Glastrier)<br>Level: 50<br>Tera Type: Water<br>- Glacial Lance<br>- Leech Seed<br>- Substitute<br>- Protect<br><br><span class="picon" style="background:transparent url(https://play.pokemonshowdown.com/sprites/pokemonicons-sheet.png?v18) no-repeat scroll -0px -2520px"></span><br>Miraidon @ Choice Specs <span class="itemicon" style="background:transparent url(https://play.pokemonshowdown.com/sprites/itemicons-sheet.png?v1) no-repeat scroll -144px -96px"></span><br>Ability: Hadron Engine<br>Level: 50<br>Tera Type: Fairy<br>- Dazzling Gleam<br>- Electro Drift<br>- Volt Switch<br>- Draco Meteor<br><br><span class="picon" style="background:transparent url(https://play.pokemonshowdown.com/sprites/pokemonicons-sheet.png?v18) no-repeat scroll -280px -1800px"></span><br>Incineroar (F) @ Assault Vest <span class="itemicon" style="background:transparent url(https://play.pokemonshowdown.com/sprites/itemicons-sheet.png?v1) no-repeat scroll -120px -864px"></span><br>Ability: Intimidate<br>Level: 50<br>Tera Type: Grass<br>- Fake Out<br>- U-turn<br>- Flare Blitz<br>- Knock Off<br><br><span class="picon" style="background:transparent url(https://play.pokemonshowdown.com/sprites/pokemonicons-sheet.png?v18) no-repeat scroll -360px -2130px"></span><br>Grimmsnarl (M) @ Light Clay <span class="itemicon" style="background:transparent url(https://play.pokemonshowdown.com/sprites/itemicons-sheet.png?v1) no-repeat scroll -288px -360px"></span><br>Ability: Prankster<br>Level: 50<br>Tera Type: Ghost<br>- Thunder Wave<br>- Spirit Break<br>- Reflect<br>- Light Screen<br><br><span class="picon" style="background:transparent url(https://play.pokemonshowdown.com/sprites/pokemonicons-sheet.png?v18) no-repeat scroll -360px -1590px"></span><br>Landorus (M) @ Life Orb <span class="itemicon" style="background:transparent url(https://play.pokemonshowdown.com/sprites/itemicons-sheet.png?v1) no-repeat scroll -216px -360px"></span><br>Ability: Sheer Force<br>Level: 50<br>Tera Type: Poison<br>- Sludge Bomb<br>- Earth Power<br>- Taunt<br>- Protect<br><br><span class="picon" style="background:transparent url(https://play.pokemonshowdown.com/sprites/pokemonicons-sheet.png?v18) no-repeat scroll -200px -570px"></span><br>Porygon2 @ Eviolite <span class="itemicon" style="background:transparent url(https://play.pokemonshowdown.com/sprites/itemicons-sheet.png?v1) no-repeat scroll -48px -192px"></span><br>Ability: Download<br>Level: 50<br>Tera Type: Fighting<br>- Trick Room<br>- Recover<br>- Tera Blast<br>- Ice Beam<br><br></details></div></div><div class="chat"><small> Clodsireenjoyer999,  Xmann0025,  idontknow25,  Perhaps Perish?,  Rainpelt103, and  Pokemons246 joined</small></div><div class="chat chatmessage-pokemons246"><strong style="color:#7c5adb"><small class="groupsymbol"> </small><span class="username">Pokemons246</span>:</strong> <em>Zlays my goat!!!</em></div><div class="chat"><small> yoiexist and  Iamsliverfish joined</small></div><div class="chat chatmessage-rainpelt103"><strong style="color:#748b0b"><small class="groupsymbol"> </small><span class="username">Rainpelt103</span>:</strong> <em>every match ending in 4 turns or less, can we keep the streak</em></div><div class="chat message-error">Battle timer is ON: inactive players will automatically lose when time's up. (requested by Tg511)</div><div class="chat chatmessage-pokemons246"><strong style="color:#7c5adb"><small class="groupsymbol"> </small><span class="username">Pokemons246</span>:</strong> <em>Lets end it in 2</em></div><div class="chat chatmessage-yoiexist"><strong style="color:#80920e"><small class="groupsymbol"> </small><span class="username">yoiexist</span>:</strong> <em>These teams just seems very similar in ways</em></div><div class="chat chatmessage-rainpelt103"><strong style="color:#748b0b"><small class="groupsymbol"> </small><span class="username">Rainpelt103</span>:</strong> <em>well</em></div><div class="chat chatmessage-rainpelt103"><strong style="color:#748b0b"><small class="groupsymbol"> </small><span class="username">Rainpelt103</span>:</strong> <em>yes</em></div><div class="chat message-error">Zlayermc has 60 seconds left.</div><div class="spacer battle-history"><br></div><div class="battle-history">Battle started between Tg511 and Zlayermc!<br></div><div class="spacer battle-history"><br></div><div class="battle-history">Tg511 sent out Calyrex (<strong>Calyrex-Ice</strong>)!<br></div><div class="spacer battle-history"><br></div><div class="battle-history">Tg511 sent out <strong>Miraidon</strong>!<br></div><div class="spacer battle-history"><br></div><div class="battle-history">Go! <strong>Miraidon</strong>!<br></div><div class="spacer battle-history"><br></div><div class="battle-history">Go! <strong>Incineroar</strong>!<br></div><div class="battle-history">[The opposing Calyrex's As One]<br><small>The opposing Calyrex has two Abilities!</small><br></div><div class="battle-history">[The opposing Calyrex's Unnerve]<br><small>Your team is too nervous to eat Berries!</small><br></div><div class="battle-history">[The opposing Miraidon's Hadron Engine]<br><small>The opposing Miraidon turned the ground into Electric Terrain, energizing its futuristic engine!</small><br></div><div class="battle-history">[Miraidon's Hadron Engine]<br><small>Miraidon used the Electric Terrain to energize its futuristic engine!</small><br></div><div class="battle-history">[Incineroar's Intimidate]<br></div><div class="battle-history"><small>The effects of the opposing Calyrex's Clear Amulet prevent its stats from being lowered!</small><br></div><div class="battle-history"><small>The opposing Miraidon's Attack fell!</small><br></div><div class="spacer battle-history"><br></div><h2 class="battle-history">Turn 1</h2><div class="chat chatmessage-rainpelt103"><strong style="color:#748b0b"><small class="groupsymbol"> </small><span class="username">Rainpelt103</span>:</strong> <em>cir mirai core with lando, bulky TR setters, and alternate speed control</em></div><div class="chat chatmessage-yoiexist"><strong style="color:#80920e"><small class="groupsymbol"> </small><span class="username">yoiexist</span>:</strong> <em>didn't know Calyr get's leech seed ig</em></div><div class="chat message-error">Zlayermc has 30 seconds left.</div><div class="chat message-error">Tg511 has 30 seconds left.</div><div class="spacer battle-history"><br></div><div class="battle-history"><small>Miraidon has Terastallized into the Fairy-type!</small><br></div><div class="spacer battle-history"><br></div><div class="battle-history"><small>The opposing Miraidon has Terastallized into the Fairy-type!</small><br></div><div class="spacer battle-history"><br></div><div class="battle-history">Incineroar used <strong>Fake Out</strong>!<br></div><div class="battle-history"><small>(The opposing Calyrex lost 8% of its health!)</small><br></div><div class="spacer battle-history"><br></div><div class="battle-history">Miraidon used <strong>Dazzling Gleam</strong>!<br></div><div class="battle-history"><small>(The opposing Calyrex lost 46% of its health!)</small><br></div><div class="battle-history"><small>(The opposing Miraidon lost 54% of its health!)</small><br></div><div class="spacer battle-history"><br></div><div class="battle-history">The opposing Miraidon used <strong>Electro Drift</strong>!<br></div><div class="battle-history"><small>(Miraidon lost <abbr title="−176/176">100%</abbr> of its health!)</small><br></div><div class="spacer battle-history"><br></div><div class="battle-history">Miraidon fainted!<br></div><div class="battle-history">The opposing Calyrex flinched and couldn't move!<br></div><div class="chat chatmessage-rainpelt103"><strong style="color:#748b0b"><small class="groupsymbol"> </small><span class="username">Rainpelt103</span>:</strong> <em>yeah it's spiked in popularity recently</em></div><div class="chat chatmessage-rainpelt103"><strong style="color:#748b0b"><small class="groupsymbol"> </small><span class="username">Rainpelt103</span>:</strong> <em>won a couple major events</em></div><div class="spacer battle-history"><br></div><div class="battle-history">Go! <strong>Landorus</strong>!<br></div><div class="spacer battle-history"><br></div><h2 class="battle-history">Turn 2</h2><div class="chat chatmessage-pokemons246"><strong style="color:#7c5adb"><small class="groupsymbol"> </small><span class="username">Pokemons246</span>:</strong> <em>Nooo</em></div><div class="chat chatmessage-pokemons246"><strong style="color:#7c5adb"><small class="groupsymbol"> </small><span class="username">Pokemons246</span>:</strong> <em>🚽</em></div><div class="chat chatmessage-yoiexist"><strong style="color:#80920e"><small class="groupsymbol"> </small><span class="username">yoiexist</span>:</strong> <em>I agree.</em></div><div class="chat message-error">Zlayermc has 30 seconds left.</div><div class="spacer battle-history"><br></div><div class="battle-history">Tg511 withdrew Miraidon!<br></div><div class="battle-history">Tg511 sent out Urshifu (<strong>Urshifu-Rapid-Strike</strong>)!<br></div><div class="spacer battle-history"><br></div><div class="battle-history">Tg511 withdrew Calyrex!<br></div><div class="battle-history">Tg511 sent out <strong>Landorus</strong>!<br></div><div class="spacer battle-history"><br></div><div class="battle-history">Landorus used <strong>Sludge Bomb</strong>!<br></div><div class="battle-history"><small>It's not very effective...</small><br></div><div class="battle-history"><small>(The opposing Landorus lost 28% of its health!)</small><br></div><div class="spacer battle-history"><br></div><div class="battle-history">Incineroar used <strong>Knock Off</strong>!<br></div><div class="battle-history"><small>(The opposing Landorus lost 56% of its health!)</small><br></div><div class="battle-history"><small>Incineroar knocked off the opposing Landorus's Life Orb!</small><br></div><div class="spacer battle-history"><br></div><h2 class="battle-history">Turn 3</h2><div class="chat chatmessage-pokemons246"><strong style="color:#7c5adb"><small class="groupsymbol"> </small><span class="username">Pokemons246</span>:</strong> <em>🚡</em></div><div class="chat chatmessage-rainpelt103"><strong style="color:#748b0b"><small class="groupsymbol"> </small><span class="username">Rainpelt103</span>:</strong> <em>rip</em></div><div class="chat"><small> yoiexist left</small></div><div class="chat message-error">Zlayermc has 30 seconds left.</div><div class="chat chatmessage-pokemons246"><strong style="color:#7c5adb"><small class="groupsymbol"> </small><span class="username">Pokemons246</span>:</strong> <em>🫃🏿</em></div><div class="chat"><small> ShirtlessRayRizzo joined</small></div><div class="chat message-error">Zlayermc has 20 seconds left.</div><div class="chat message-error">Zlayermc has 15 seconds left.</div><div class="chat"><small> ShirtlessRayRizzo left</small></div><div class="chat message-error">Zlayermc has 10 seconds left.</div><div class="chat message-error">Zlayermc has 5 seconds left.</div><div class="spacer battle-history"><br></div><div class="battle-history">Landorus used <strong>Sludge Bomb</strong>!<br></div><div class="battle-history"><small>(The opposing Urshifu lost 67% of its health!)</small><br></div><div class="spacer battle-history"><br></div><div class="battle-history">The opposing Landorus used <strong>Earth Power</strong>!<br></div><div class="battle-history"><small>It's super effective!</small><br></div><div class="battle-history"><small>(Incineroar lost <abbr title="−140/202">69.3%</abbr> of its health!)</small><br></div><div class="spacer battle-history"><br></div><div class="battle-history">The opposing Urshifu used <strong>Surging Strikes</strong>!<br></div><div class="battle-history"><small>It's super effective!</small><br></div><div class="battle-history"><small>A critical hit!</small><br></div><div class="battle-history"><small>(Landorus lost <abbr title="−122/165">73.9%</abbr> of its health!)</small><br></div><div class="battle-history"><small>It's super effective!</small><br></div><div class="battle-history"><small>A critical hit!</small><br></div><div class="battle-history"><small>(Landorus lost <abbr title="−43/165">26.1%</abbr> of its health!)</small><br></div><div class="spacer battle-history"><br></div><div class="battle-history">Landorus fainted!<br></div><div class="battle-history"><small>The Pokémon was hit 2 times!</small><br></div><div class="spacer battle-history"><br></div><div class="battle-history">Incineroar used <strong>U-turn</strong>!<br></div><div class="battle-history"><small>It's not very effective...</small><br></div><div class="battle-history"><small>(The opposing Urshifu lost 11% of its health!)</small><br></div><div class="spacer battle-history"><br></div><div class="battle-history">Incineroar went back to Zlayermc!<br></div><div class="battle-history">Go! Calyrex (<strong>Calyrex-Ice</strong>)!<br></div><div class="battle-history">[Calyrex's As One]<br><small>Calyrex has two Abilities!</small><br></div><div class="battle-history">[Calyrex's Unnerve]<br><small>The opposing team is too nervous to eat Berries!</small><br></div><div class="chat chatmessage-rainpelt103"><strong style="color:#748b0b"><small class="groupsymbol"> </small><span class="username">Rainpelt103</span>:</strong> <em>why would you use sludge bomb over u-turn...</em></div><div class="chat"><small> yoiexist joined</small></div><div class="chat chatmessage-rainpelt103"><strong style="color:#748b0b"><small class="groupsymbol"> </small><span class="username">Rainpelt103</span>:</strong> <em>earth power mb</em></div><div class="spacer battle-history"><br></div><div class="battle-history">Go! <strong>Incineroar</strong>!<br></div><div class="battle-history">[Incineroar's Intimidate]<br></div><div class="battle-history"><small>The opposing Landorus's Attack fell!</small><br></div><div class="battle-history"><small>The opposing Urshifu's Attack fell!</small><br></div><div class="spacer battle-history"><br></div><h2 class="battle-history">Turn 4</h2><div class="chat chatmessage-rainpelt103"><strong style="color:#748b0b"><small class="groupsymbol"> </small><span class="username">Rainpelt103</span>:</strong> <em>my monkey brain saw incin use u-turn and applied it to the message</em></div><div class="chat"><small> Aubr2w joined</small></div><div class="chat message-error">Zlayermc has 30 seconds left.</div><div class="chat message-error">Zlayermc has 20 seconds left.</div><div class="chat message-error">Zlayermc has 15 seconds left.</div><div class="chat"><small> camala64 joined</small></div><div class="chat message-error">Zlayermc has 10 seconds left.</div><div class="spacer battle-history"><br></div><div class="battle-history">The opposing Landorus used <strong>Protect</strong>!<br></div><div class="battle-history"><small>The opposing Landorus protected itself!</small><br></div><div class="spacer battle-history"><br></div><div class="battle-history">Incineroar used <strong>Fake Out</strong>!<br></div><div class="battle-history"><small>(The opposing Urshifu lost 15% of its health!)</small><br></div><div class="spacer battle-history"><br></div><div class="battle-history">The opposing Urshifu flinched and couldn't move!<br></div><div class="spacer battle-history"><br></div><div class="battle-history">Calyrex used <strong>Glacial Lance</strong>!<br></div><div class="battle-history"><small>The opposing Landorus protected itself!</small><br></div><div class="battle-history"><small>It's not very effective on the opposing Urshifu.</small><br></div><div class="battle-history"><small>(The opposing Urshifu lost 7% of its health!)</small><br></div><div class="spacer battle-history"><br></div><div class="battle-history">The opposing Urshifu fainted!<br></div><div class="battle-history">[Calyrex's Chilling Neigh]<br></div><div class="battle-history"><small>Calyrex's Attack rose!</small><br></div><div class="spacer battle-history"><br></div><div class="battle-history">Tg511 sent out Calyrex (<strong>Calyrex-Ice</strong>)!<br></div><div class="battle-history">[The opposing Calyrex's As One]<br><small>The opposing Calyrex has two Abilities!</small><br></div><div class="battle-history">[The opposing Calyrex's Unnerve]<br><small>Your team is too nervous to eat Berries!</small><br></div><div class="spacer battle-history"><br></div><h2 class="battle-history">Turn 5</h2><div class="chat chatmessage-rainpelt103"><strong style="color:#748b0b"><small class="groupsymbol"> </small><span class="username">Rainpelt103</span>:</strong> <em>damn it went over turn 4</em></div><div class="spacer battle-history"><br></div><div class="battle-history">The opposing Landorus used <strong>Earth Power</strong>!<br></div><div class="battle-history"><small>It's super effective!</small><br></div><div class="battle-history"><small>(Incineroar lost <abbr title="−62/202">30.7%</abbr> of its health!)</small><br></div><div class="spacer battle-history"><br></div><div class="battle-history">Incineroar fainted!<br></div><div class="battle-history">The opposing Calyrex used <strong>Imprison</strong>!<br></div><div class="battle-history"><small>The opposing Calyrex sealed any moves its target shares with it!</small><br></div><div class="spacer battle-history"><br></div><div class="battle-history">Calyrex used <strong>Leech Seed</strong>!<br></div><div class="battle-history"><small>The opposing Calyrex was seeded!</small><br></div><div class="spacer battle-history"><br></div><div class="battle-history"><small>The opposing Calyrex's health is sapped by Leech Seed!</small><br></div><div class="battle-history"><small>The electricity disappeared from the battlefield.</small><br></div><div class="spacer battle-history"><br></div><h2 class="battle-history">Turn 6</h2><div class="chat chatmessage-iamsliverfish"><strong style="color:#289f99"><small class="groupsymbol"> </small><span class="username">Iamsliverfish</span>:</strong> <em>yea</em></div><div class="chat chatmessage-iamsliverfish"><strong style="color:#289f99"><small class="groupsymbol"> </small><span class="username">Iamsliverfish</span>:</strong> <em>This horse cant attack</em></div><div class="chat chatmessage-rainpelt103"><strong style="color:#748b0b"><small class="groupsymbol"> </small><span class="username">Rainpelt103</span>:</strong> <em>leech seed being basically the only usable move here is kinda hilarious</em></div><div class="spacer battle-history"><br></div><div class="battle-history">Tg511 withdrew Landorus!<br></div><div class="battle-history">Tg511 sent out <strong>Miraidon</strong>!<br></div><div class="battle-history">[The opposing Miraidon's Hadron Engine]<br><small>The opposing Miraidon turned the ground into Electric Terrain, energizing its futuristic engine!</small><br></div><div class="spacer battle-history"><br></div><div class="battle-history">The opposing Calyrex used <strong>High Horsepower</strong>!<br></div><div class="battle-history"><small>(Calyrex lost <abbr title="−51/207">24.6%</abbr> of its health!)</small><br></div><div class="spacer battle-history"><br></div><div class="battle-history">Calyrex used <strong>Substitute</strong>!<br></div><div class="battle-history"><small>Calyrex put in a substitute!</small><br></div><div class="battle-history"><small>(Calyrex lost <abbr title="−51/207">24.6%</abbr> of its health!)</small><br></div><div class="spacer battle-history"><br></div><div class="battle-history"><small>Calyrex restored a little HP using its Leftovers!</small><br></div><div class="battle-history"><small>The opposing Calyrex's health is sapped by Leech Seed!</small><br></div><div class="spacer battle-history"><br></div><h2 class="battle-history">Turn 7</h2><div class="chat"><small> Ghostistheman joined</small></div><div class="chat chatmessage-rainpelt103"><strong style="color:#748b0b"><small class="groupsymbol"> </small><span class="username">Rainpelt103</span>:</strong> <em>actually</em></div><div class="chat chatmessage-rainpelt103"><strong style="color:#748b0b"><small class="groupsymbol"> </small><span class="username">Rainpelt103</span>:</strong> <em>scratch that</em></div><div class="chat"><small> Sceptile1114 joined</small></div><div class="chat chatmessage-rainpelt103"><strong style="color:#748b0b"><small class="groupsymbol"> </small><span class="username">Rainpelt103</span>:</strong> <em>it can use three moves</em></div><div class="chat chatmessage-rainpelt103"><strong style="color:#748b0b"><small class="groupsymbol"> </small><span class="username">Rainpelt103</span>:</strong> <em>but only one does damage</em></div><div class="chat message-error">Zlayermc has 30 seconds left.</div><div class="chat chatmessage-iamsliverfish"><strong style="color:#289f99"><small class="groupsymbol"> </small><span class="username">Iamsliverfish</span>:</strong> <em>welp</em></div><div class="chat chatmessage-iamsliverfish"><strong style="color:#289f99"><small class="groupsymbol"> </small><span class="username">Iamsliverfish</span>:</strong> <em>Sub protect spam</em></div><div class="spacer battle-history"><br></div><div class="battle-history">Tg511 withdrew Miraidon!<br></div><div class="battle-history">Tg511 sent out <strong>Landorus</strong>!<br></div><div class="spacer battle-history"><br></div><div class="battle-history">Calyrex used <strong>Protect</strong>!<br></div><div class="battle-history"><small>Calyrex protected itself!</small><br></div><div class="spacer battle-history"><br></div><div class="battle-history">The opposing Calyrex used <strong>High Horsepower</strong>!<br></div><div class="battle-history"><small>Calyrex protected itself!</small><br></div><div class="spacer battle-history"><br></div><div class="battle-history"><small>Calyrex restored a little HP using its Leftovers!</small><br></div><div class="battle-history"><small>The opposing Calyrex's health is sapped by Leech Seed!</small><br></div><div class="spacer battle-history"><br></div><h2 class="battle-history">Turn 8</h2><div class="chat chatmessage-rainpelt103"><strong style="color:#748b0b"><small class="groupsymbol"> </small><span class="username">Rainpelt103</span>:</strong> <em>trust</em></div><div class="chat chatmessage-iamsliverfish"><strong style="color:#289f99"><small class="groupsymbol"> </small><span class="username">Iamsliverfish</span>:</strong> <em>Would win this game</em></div><div class="chat chatmessage-rainpelt103"><strong style="color:#748b0b"><small class="groupsymbol"> </small><span class="username">Rainpelt103</span>:</strong> <em>it might actually tbh</em></div><div class="chat chatmessage-rainpelt103"><strong style="color:#748b0b"><small class="groupsymbol"> </small><span class="username">Rainpelt103</span>:</strong> <em>that's crazy</em></div><div class="chat chatmessage-idontknow25"><strong style="color:#2a7fce"><small class="groupsymbol"> </small><span class="username">idontknow25</span>:</strong> <em>shouldve volt switch</em></div><div class="spacer battle-history"><br></div><div class="battle-history">Tg511 withdrew Calyrex!<br></div><div class="battle-history">Tg511 sent out <strong>Miraidon</strong>!<br></div><div class="battle-history">[The opposing Miraidon's Hadron Engine]<br><small>The opposing Miraidon used the Electric Terrain to energize its futuristic engine!</small><br></div><div class="spacer battle-history"><br></div><div class="battle-history">The opposing Landorus used <strong>Earth Power</strong>!<br></div><div class="battle-history"><small>Calyrex's substitute faded!</small><br></div><div class="spacer battle-history"><br></div><div class="battle-history">Calyrex used <strong>Substitute</strong>!<br></div><div class="battle-history"><small>Calyrex put in a substitute!</small><br></div><div class="battle-history"><small>(Calyrex lost <abbr title="−51/207">24.6%</abbr> of its health!)</small><br></div><div class="spacer battle-history"><br></div><div class="battle-history"><small>Calyrex restored a little HP using its Leftovers!</small><br></div><div class="spacer battle-history"><br></div><h2 class="battle-history">Turn 9</h2><div class="chat chatmessage-iamsliverfish"><strong style="color:#289f99"><small class="groupsymbol"> </small><span class="username">Iamsliverfish</span>:</strong> <em>very</em></div><div class="chat chatmessage-rainpelt103"><strong style="color:#748b0b"><small class="groupsymbol"> </small><span class="username">Rainpelt103</span>:</strong> <em>does imprison stop once they switch?</em></div><div class="chat chatmessage-ghostistheman"><strong style="color:#48b4b0"><small class="groupsymbol"> </small><span class="username">Ghostistheman</span>:</strong> <em>Free Glance right there</em></div><div class="chat message-error">Zlayermc has 30 seconds left.</div><div class="chat"><small> Pokemons246 left</small></div><div class="spacer battle-history"><br></div><div class="battle-history">The opposing Miraidon used <strong>Volt Switch</strong>!<br></div><div class="battle-history"><small>Calyrex's substitute faded!</small><br></div><div class="chat chatmessage-ghostistheman"><strong style="color:#48b4b0"><small class="groupsymbol"> </small><span class="username">Ghostistheman</span>:</strong> <em>you had it</em></div><div class="spacer battle-history"><br></div><div class="battle-history">The opposing Miraidon went back to Tg511!<br></div><div class="battle-history">Tg511 sent out Calyrex (<strong>Calyrex-Ice</strong>)!<br></div><div class="battle-history">[The opposing Calyrex's As One]<br><small>The opposing Calyrex has two Abilities!</small><br></div><div class="battle-history">[The opposing Calyrex's Unnerve]<br><small>Your team is too nervous to eat Berries!</small><br></div><div class="spacer battle-history"><br></div><div class="battle-history">The opposing Landorus used <strong>Earth Power</strong>!<br></div><div class="battle-history"><small>(Calyrex lost <abbr title="−72/207">34.8%</abbr> of its health!)</small><br></div><div class="spacer battle-history"><br></div><div class="battle-history">Calyrex used <strong>Glacial Lance</strong>!<br></div><div class="battle-history"><small>It's super effective on the opposing Landorus!</small><br></div><div class="battle-history"><small>It's not very effective on the opposing Calyrex.</small><br></div><div class="battle-history"><small>(The opposing Landorus lost 16% of its health!)</small><br></div><div class="battle-history"><small>(The opposing Calyrex lost 9% of its health!)</small><br></div><div class="spacer battle-history"><br></div><div class="battle-history">The opposing Landorus fainted!<br></div><div class="battle-history">The opposing Calyrex fainted!<br></div><div class="battle-history">[Calyrex's Chilling Neigh]<br></div><div class="battle-history"><small>Calyrex's Attack rose sharply!</small><br></div><div class="spacer battle-history"><br></div><div class="battle-history"><small>Calyrex restored a little HP using its Leftovers!</small><br></div><div class="chat chatmessage-rainpelt103"><strong style="color:#748b0b"><small class="groupsymbol"> </small><span class="username">Rainpelt103</span>:</strong> <em>oh rip</em></div><div class="spacer battle-history"><br></div><div class="battle-history">Tg511 sent out <strong>Miraidon</strong>!<br></div><div class="battle-history">[The opposing Miraidon's Hadron Engine]<br><small>The opposing Miraidon used the Electric Terrain to energize its futuristic engine!</small><br></div><div class="spacer battle-history"><br></div><h2 class="battle-history">Turn 10</h2><div class="chat chatmessage-rainpelt103"><strong style="color:#748b0b"><small class="groupsymbol"> </small><span class="username">Rainpelt103</span>:</strong> <em>uh maybe</em></div><div class="chat"><small> DOGIMANE joined</small></div><div class="chat chatmessage-iamsliverfish"><strong style="color:#289f99"><small class="groupsymbol"> </small><span class="username">Iamsliverfish</span>:</strong> <em>its gg</em></div><div class="chat chatmessage-rainpelt103"><strong style="color:#748b0b"><small class="groupsymbol"> </small><span class="username">Rainpelt103</span>:</strong> <em>yeah</em></div><div class="chat chatmessage-rainpelt103"><strong style="color:#748b0b"><small class="groupsymbol"> </small><span class="username">Rainpelt103</span>:</strong> <em>poor calyrex</em></div><div class="chat chatmessage-iamsliverfish"><strong style="color:#289f99"><small class="groupsymbol"> </small><span class="username">Iamsliverfish</span>:</strong> <em>Dmeteor</em></div><div class="spacer battle-history"><br></div><div class="battle-history">Calyrex used <strong>Protect</strong>!<br></div><div class="battle-history"><small>Calyrex protected itself!</small><br></div><div class="spacer battle-history"><br></div><div class="battle-history">The opposing Miraidon used <strong>Electro Drift</strong>!<br></div><div class="battle-history"><small>Calyrex protected itself!</small><br></div><div class="spacer battle-history"><br></div><div class="battle-history"><small>Calyrex restored a little HP using its Leftovers!</small><br></div><div class="battle-history"><small>The electricity disappeared from the battlefield.</small><br></div><div class="spacer battle-history"><br></div><h2 class="battle-history">Turn 11</h2><div class="chat chatmessage-iamsliverfish"><strong style="color:#289f99"><small class="groupsymbol"> </small><span class="username">Iamsliverfish</span>:</strong> <em>Would take 50%</em></div><div class="chat chatmessage-rainpelt103"><strong style="color:#748b0b"><small class="groupsymbol"> </small><span class="username">Rainpelt103</span>:</strong> <em>should've trick roomed there</em></div><div class="chat chatmessage-iamsliverfish"><strong style="color:#289f99"><small class="groupsymbol"> </small><span class="username">Iamsliverfish</span>:</strong> <em>Wait</em></div><div class="chat"><small> AttackDos joined</small></div><div class="chat chatmessage-iamsliverfish"><strong style="color:#289f99"><small class="groupsymbol"> </small><span class="username">Iamsliverfish</span>:</strong> <em>drift</em></div><div class="spacer battle-history"><br></div><div class="battle-history">The opposing Miraidon used <strong>Electro Drift</strong>!<br></div><div class="battle-history"><small>(Calyrex lost <abbr title="−91/207">44.0%</abbr> of its health!)</small><br></div><div class="spacer battle-history"><br></div><div class="battle-history">Calyrex used <strong>Glacial Lance</strong>!<br></div><div class="battle-history"><small>(The opposing Miraidon lost 46% of its health!)</small><br></div><div class="spacer battle-history"><br></div><div class="battle-history">The opposing Miraidon fainted!<br></div><div class="spacer battle-history"><br></div><div class="battle-history"><strong>Zlayermc</strong> won the battle!<br></div><div class="chat chatmessage-rainpelt103"><strong style="color:#748b0b"><small class="groupsymbol"> </small><span class="username">Rainpelt103</span>:</strong> <em>...</em></div><div class="chat chatmessage-yoiexist"><strong style="color:#80920e"><small class="groupsymbol"> </small><span class="username">yoiexist</span>:</strong> <em>Holy peak</em></div><div class="chat chatmessage-attackdos"><strong style="color:#e30d3f"><small class="groupsymbol"> </small><span class="username">AttackDos</span>:</strong> <em>damn crazy</em></div><div class="chat chatmessage-iamsliverfish"><strong style="color:#289f99"><small class="groupsymbol"> </small><span class="username">Iamsliverfish</span>:</strong> <em>LOLL</em></div><div class="chat chatmessage-ghostistheman"><strong style="color:#48b4b0"><small class="groupsymbol"> </small><span class="username">Ghostistheman</span>:</strong> <em>Lmao</em></div><div class="chat"><small> Aubr2w left</small></div><div class="chat chatmessage-zlayermc mine"><strong style="color:#32b3a8"><small class="groupsymbol">☆</small><span class="username">Zlayermc</span>:</strong> <em>ggwp</em></div><div class="chat"><small> Clodsireenjoyer999 left</small></div><div class="chat chatmessage-sceptile1114"><strong style="color:#c53427"><small class="groupsymbol"> </small><span class="username">Sceptile1114</span>:</strong> <em>no way</em></div><div class="chat chatmessage-rainpelt103"><strong style="color:#748b0b"><small class="groupsymbol"> </small><span class="username">Rainpelt103</span>:</strong> <em>average calyrex ice rider</em></div><div class="chat chatmessage-sceptile1114"><strong style="color:#c53427"><small class="groupsymbol"> </small><span class="username">Sceptile1114</span>:</strong> <em>cinema</em></div><div class="chat chatmessage-tg511"><strong style="color:#1d52f1"><small class="groupsymbol">☆</small><span class="username">Tg511</span>:</strong> <em>wtf</em></div><div class="chat chatmessage-perhapsperish"><strong style="color:#8f731e"><small class="groupsymbol"> </small><span class="username">Perhaps Perish?</span>:</strong> <em>Im sueing</em></div><div class="chat chatmessage-ghostistheman"><strong style="color:#48b4b0"><small class="groupsymbol"> </small><span class="username">Ghostistheman</span>:</strong> <em>Calyrex is goated bro</em></div><div class="chat chatmessage-tg511"><strong style="color:#1d52f1"><small class="groupsymbol">☆</small><span class="username">Tg511</span>:</strong> <em>gg</em></div><div class="chat chatmessage-ghostistheman"><strong style="color:#48b4b0"><small class="groupsymbol"> </small><span class="username">Ghostistheman</span>:</strong> <em>You should know this</em></div><div class="chat"><small> idontknow25 left</small></div><div class="chat chatmessage-yoiexist"><strong style="color:#80920e"><small class="groupsymbol"> </small><span class="username">yoiexist</span>:</strong> <em>Not the leech seed sub</em></div><div class="chat"><small> X2Muz joined;  Rainpelt103,  AttackDos,  DOGIMANE,  Ghostistheman,  Xmann0025, and 6 others left</small></div></div><div class="inner-preempt message-log"></div></div></div>
</div>
<script>
let daily = Math.floor(Date.now()/1000/60/60/24);document.write('<script src="https://play.pokemonshowdown.com/js/replay-embed.js?version'+daily+'"></'+'script>');
</script>
